@misc{Goodfellow2014GAN,
      title={Generative Adversarial Networks}, 
      author={Ian J. Goodfellow and Jean Pouget-Abadie and Mehdi Mirza and Bing Xu and David Warde-Farley and Sherjil Ozair and Aaron Courville and Yoshua Bengio},
      year={2014},
      eprint={1406.2661},
      archivePrefix={arXiv},
      primaryClass={stat.ML}
}

@article{LeCun1998MNIST,
  author={Lecun, Y. and Bottou, L. and Bengio, Y. and Haffner, P.},
  journal={Proceedings of the IEEE}, 
  title={Gradient-based learning applied to document recognition}, 
  year={1998},
  volume={86},
  number={11},
  pages={2278-2324},
  keywords={Neural networks;Pattern recognition;Machine learning;Optical character recognition software;Character recognition;Feature extraction;Multi-layer neural network;Optical computing;Hidden Markov models;Principal component analysis},
  doi={10.1109/5.726791}}

@misc{Shin2017Continual,
      title={Continual Learning with Deep Generative Replay}, 
      author={Hanul Shin and Jung Kwon Lee and Jaehong Kim and Jiwon Kim},
      year={2017},
      eprint={1705.08690},
      archivePrefix={arXiv},
      primaryClass={cs.AI}
}

@misc{Wu2018MemoryReplay,
      title={Memory Replay GANs: learning to generate images from new categories without forgetting}, 
      author={Chenshen Wu and Luis Herranz and Xialei Liu and Yaxing Wang and Joost van de Weijer and Bogdan Raducanu},
      year={2019},
      eprint={1809.02058},
      archivePrefix={arXiv},
      primaryClass={cs.CV}
}

@misc{Lesort2019GenerativeReplay,
      title={Generative Models from the perspective of Continual Learning}, 
      author={Timothée Lesort and Hugo Caselles-Dupré and Michael Garcia-Ortiz and Andrei Stoian and David Filliat},
      year={2018},
      eprint={1812.09111},
      archivePrefix={arXiv},
      primaryClass={cs.LG}
}


@article{LopezPaz2017GEM,
  title={Gradient Episodic Memory for Continual Learning},
  author={Lopez-Paz, David and Ranzato, Marc’Aurelio},
  journal={Advances in neural information processing systems},
  volume={30},
  pages={6467--6476},
  year={2017}
}

@inproceedings{DiazRodriguez2018DONUT,
  title={Donut: Causal continual learning with structure in output space},
  author={Diaz-Rodriguez, Natalia and Lomonaco, Vincenzo and Filliat, David and Maltoni, Davide},
  booktitle={International Conference on Neural Information Processing},
  pages={647--660},
  year={2018},
  organization={Springer}
}

@inproceedings{Chaudhry2018RWalk,
  title={Riemannian walk for incremental learning: Understanding forgetting and intransigence},
  author={Chaudhry, Arslan and Dokania, Puneet K and Ajanthan, Thalaiyasingam and Torr, Philip HS},
  booktitle={Proceedings of the European Conference on Computer Vision (ECCV)},
  pages={532--547},
  year={2018}
}
